
@article{ba2014multiple,
  title={Multiple object recognition with visual attention},
  author={Ba, Jimmy and Mnih, Volodymyr and Kavukcuoglu, Koray},
  journal={arXiv preprint arXiv:1412.7755},
  year={2014}
}

@article{bahdanau2014neural,
  title={Neural machine translation by jointly learning to align and translate},
  author={Bahdanau, Dzmitry and Cho, Kyunghyun and Bengio, Yoshua},
  journal={arXiv preprint arXiv:1409.0473},
  year={2014}
}

@inproceedings{berg2013poof,
  title={Poof: Part-based one-vs.-one features for fine-grained categorization, face verification, and attribute estimation},
  author={Berg, Thomas and Belhumeur, Peter},
  booktitle={Proceedings of the IEEE Conference on Computer Vision and Pattern Recognition},
  pages={955--962},
  year={2013}
}

@article{beck2009top,
  title={Top-down and bottom-up mechanisms in biasing competition in the human brain},
  author={Beck, Diane M and Kastner, Sabine},
  journal={Vision research},
  volume={49},
  number={10},
  pages={1154--1165},
  year={2009},
  publisher={Elsevier}
}

@inproceedings{bengio2009curriculum,
  title={Curriculum learning},
  author={Bengio, Yoshua and Louradour, J{\'e}r{\^o}me and Collobert, Ronan and Weston, Jason},
  booktitle={Proceedings of the 26th annual international conference on machine learning},
  pages={41--48},
  year={2009},
  organization={ACM}
}

@inproceedings{bossard2014food,
  title={Food-101--mining discriminative components with random forests},
  author={Bossard, Lukas and Guillaumin, Matthieu and Van Gool, Luc},
  booktitle={European Conference on Computer Vision},
  pages={446--461},
  year={2014},
  organization={Springer}
}

@inproceedings{berg2014birdsnap,
  title={Birdsnap: Large-scale fine-grained visual categorization of birds},
  author={Berg, Thomas and Liu, Jiongxin and Woo Lee, Seung and Alexander, Michelle L and Jacobs, David W and Belhumeur, Peter N},
  booktitle={Proceedings of the IEEE Conference on Computer Vision and Pattern Recognition},
  pages={2011--2018},
  year={2014}
}

@article{branson2014bird,
  title={Bird species categorization using pose normalized deep convolutional nets},
  author={Branson, Steve and Van Horn, Grant and Belongie, Serge and Perona, Pietro},
  journal={arXiv preprint arXiv:1406.2952},
  year={2014}
}

@inproceedings{cao2015look,
  title={Look and think twice: Capturing top-down visual attention with feedback convolutional neural networks},
  author={Cao, Chunshui and Liu, Xianming and Yang, Yi and Yu, Yinan and Wang, Jiang and Wang, Zilei and Huang, Yongzhen and Wang, Liang and Huang, Chang and Xu, Wei and others},
  booktitle={Proceedings of the IEEE International Conference on Computer Vision},
  pages={2956--2964},
  year={2015}
}

@inproceedings{carreira2016human,
  title={Human pose estimation with iterative error feedback},
  author={Carreira, Joao and Agrawal, Pulkit and Fragkiadaki, Katerina and Malik, Jitendra},
  booktitle={Proceedings of the IEEE Conference on Computer Vision and Pattern Recognition},
  pages={4733--4742},
  year={2016}
}

@inproceedings{chai2013symbiotic,
  title={Symbiotic segmentation and part localization for fine-grained categorization},
  author={Chai, Yuning and Lempitsky, Victor and Zisserman, Andrew},
  booktitle={Proceedings of the IEEE International Conference on Computer Vision},
  pages={321--328},
  year={2013}
}

@article{cichy2014resolving,
  title={Resolving human object recognition in space and time},
  author={Cichy, Radoslaw Martin and Pantazis, Dimitrios and Oliva, Aude},
  journal={Nature neuroscience},
  volume={17},
  number={3},
  pages={455--462},
  year={2014},
  publisher={Nature Research}
}

@article{chen2015abc,
  title={ABC-CNN: An attention based convolutional neural network for visual question answering},
  author={Chen, Kan and Wang, Jiang and Chen, Liang-Chieh and Gao, Haoyuan and Xu, Wei and Nevatia, Ram},
  journal={arXiv preprint arXiv:1511.05960},
  year={2015}
}

@article{cleeremans1989finite,
  title={Finite state automata and simple recurrent networks},
  author={Cleeremans, Axel and Servan-Schreiber, David and McClelland, James L},
  journal={Neural computation},
  volume={1},
  number={3},
  pages={372--381},
  year={1989},
  publisher={MIT Press}
}

@inproceedings{collobert2011torch7,
  title={Torch7: A matlab-like environment for machine learning},
  author={Collobert, Ronan and Kavukcuoglu, Koray and Farabet, Cl{\'e}ment},
  booktitle={BigLearn, NIPS Workshop},
  number={EPFL-CONF-192376},
  year={2011}
}

@inproceedings{cui2016fine,
  title={Fine-grained categorization and dataset bootstrapping using deep metric learning with humans in the loop},
  author={Cui, Yin and Zhou, Feng and Lin, Yuanqing and Belongie, Serge},
  booktitle={Proceedings of the IEEE Conference on Computer Vision and Pattern Recognition},
  pages={1153--1162},
  year={2016}
}

@article{desimone1998visual,
  title={Visual attention mediated by biased competition in extrastriate visual cortex.},
  author={Desimone, Robert},
  journal={Philosophical Transactions of the Royal Society B: Biological Sciences},
  volume={353},
  number={1373},
  pages={1245},
  year={1998},
  publisher={The Royal Society}
}

@article{deco2004neurodynamical,
  title={A neurodynamical cortical model of visual attention and invariant object recognition},
  author={Deco, Gustavo and Rolls, Edmund T},
  journal={Vision research},
  volume={44},
  number={6},
  pages={621--642},
  year={2004},
  publisher={Elsevier}
}

@inproceedings{deng2009imagenet,
  title={Imagenet: A large-scale hierarchical image database},
  author={Deng, Jia and Dong, Wei and Socher, Richard and Li, Li-Jia and Li, Kai and Fei-Fei, Li},
  booktitle={Computer Vision and Pattern Recognition, 2009. CVPR 2009. IEEE Conference on},
  pages={248--255},
  year={2009},
  organization={IEEE}
}

@article{desimone1995neural,
  title={Neural mechanisms of selective visual attention},
  author={Desimone, Robert and Duncan, John},
  journal={Annual review of neuroscience},
  volume={18},
  number={1},
  pages={193--222},
  year={1995},
  publisher={Annual Reviews 4139 El Camino Way, PO Box 10139, Palo Alto, CA 94303-0139, USA}
}

@article{elman1990finding,
  title={Finding structure in time},
  author={Elman, Jeffrey L},
  journal={Cognitive science},
  volume={14},
  number={2},
  pages={179--211},
  year={1990},
  publisher={Wiley Online Library}
}

@article{figurnov2016spatially,
  title={Spatially Adaptive Computation Time for Residual Networks},
  author={Figurnov, Michael and Collins, Maxwell D and Zhu, Yukun and Zhang, Li and Huang, Jonathan and Vetrov, Dmitry and Salakhutdinov, Ruslan},
  journal={arXiv preprint arXiv:1612.02297},
  year={2016}
}

@article{fukui2016multimodal,
  title={Multimodal compact bilinear pooling for visual question answering and visual grounding},
  author={Fukui, Akira and Park, Dong Huk and Yang, Daylen and Rohrbach, Anna and Darrell, Trevor and Rohrbach, Marcus},
  journal={arXiv preprint arXiv:1606.01847},
  year={2016}
}

@inproceedings{gao2016compact,
  title={Compact bilinear pooling},
  author={Gao, Yang and Beijbom, Oscar and Zhang, Ning and Darrell, Trevor},
  booktitle={Proceedings of the IEEE Conference on Computer Vision and Pattern Recognition},
  pages={317--326},
  year={2016}
}

@inproceedings{gavves2013fine,
  title={Fine-grained categorization by alignments},
  author={Gavves, Efstratios and Fernando, Basura and Snoek, Cees GM and Smeulders, Arnold WM and Tuytelaars, Tinne},
  booktitle={Proceedings of the IEEE International Conference on Computer Vision},
  pages={1713--1720},
  year={2013}
}

@inproceedings{girshick2014rich,
  title={Rich feature hierarchies for accurate object detection and semantic segmentation},
  author={Girshick, Ross and Donahue, Jeff and Darrell, Trevor and Malik, Jitendra},
  booktitle={Proceedings of the IEEE conference on computer vision and pattern recognition},
  pages={580--587},
  year={2014}
}

@article{gosselin2014revisiting,
  title={Revisiting the fisher vector for fine-grained classification},
  author={Gosselin, Philippe-Henri and Murray, Naila and J{\'e}gou, Herv{\'e} and Perronnin, Florent},
  journal={Pattern Recognition Letters},
  volume={49},
  pages={92--98},
  year={2014},
  publisher={Elsevier}
}

@article{graves2016adaptive,
  title={Adaptive computation time for recurrent neural networks},
  author={Graves, Alex},
  journal={arXiv preprint arXiv:1603.08983},
  year={2016}
}

@article{hayhoe2005eye,
  title={Eye movements in natural behavior},
  author={Hayhoe, Mary and Ballard, Dana},
  journal={Trends in cognitive sciences},
  volume={9},
  number={4},
  pages={188--194},
  year={2005},
  publisher={Elsevier}
}

@inproceedings{he2016deep,
  title={Deep residual learning for image recognition},
  author={He, Kaiming and Zhang, Xiangyu and Ren, Shaoqing and Sun, Jian},
  booktitle={Proceedings of the IEEE Conference on Computer Vision and Pattern Recognition},
  pages={770--778},
  year={2016}
}

@inproceedings{huang2016part,
  title={Part-stacked cnn for fine-grained visual categorization},
  author={Huang, Shaoli and Xu, Zhe and Tao, Dacheng and Zhang, Ya},
  booktitle={Proceedings of the IEEE Conference on Computer Vision and Pattern Recognition},
  pages={1173--1182},
  year={2016}
}

@article{hochreiter1997long,
  title={Long short-term memory},
  author={Hochreiter, Sepp and Schmidhuber, J{\"u}rgen},
  journal={Neural computation},
  volume={9},
  number={8},
  pages={1735--1780},
  year={1997},
  publisher={MIT Press}
}

@inproceedings{hu2016bottom,
  title={Bottom-up and top-down reasoning with hierarchical rectified gaussians},
  author={Hu, Peiyun and Ramanan, Deva},
  booktitle={Proceedings of the IEEE Conference on Computer Vision and Pattern Recognition},
  pages={5600--5609},
  year={2016}
}

@article{itti1998model,
  title={A model of saliency-based visual attention for rapid scene analysis},
  author={Itti, Laurent and Koch, Christof and Niebur, Ernst},
  journal={IEEE Transactions on pattern analysis and machine intelligence},
  volume={20},
  number={11},
  pages={1254--1259},
  year={1998},
  publisher={IEEE}
}

@article{itti2001computational,
  title={Computational modelling of visual attention},
  author={Itti, Laurent and Koch, Christof},
  journal={Nature reviews neuroscience},
  volume={2},
  number={3},
  pages={194--203},
  year={2001},
  publisher={Nature Publishing Group}
}

@inproceedings{jaderberg2015spatial,
  title={Spatial transformer networks},
  author={Jaderberg, Max and Simonyan, Karen and Zisserman, Andrew and others},
  booktitle={Advances in Neural Information Processing Systems},
  pages={2017--2025},
  year={2015}
}

@article{jernite2016variable,
  title={Variable Computation in Recurrent Neural Networks},
  author={Jernite, Yacine and Grave, Edouard and Joulin, Armand and Mikolov, Tomas},
  journal={arXiv preprint arXiv:1611.06188},
  year={2016}
}

@inproceedings{krizhevsky2012imagenet,
  title={Imagenet classification with deep convolutional neural networks},
  author={Krizhevsky, Alex and Sutskever, Ilya and Hinton, Geoffrey E},
  booktitle={Advances in neural information processing systems},
  pages={1097--1105},
  year={2012}
}

@inproceedings{krause2015fine,
  title={Fine-grained recognition without part annotations},
  author={Krause, Jonathan and Jin, Hailin and Yang, Jianchao and Fei-Fei, Li},
  booktitle={Proceedings of the IEEE Conference on Computer Vision and Pattern Recognition},
  pages={5546--5555},
  year={2015}
}

@inproceedings{krause20133d,
  title={3d object representations for fine-grained categorization},
  author={Krause, Jonathan and Stark, Michael and Deng, Jia and Fei-Fei, Li},
  booktitle={Proceedings of the IEEE International Conference on Computer Vision Workshops},
  pages={554--561},
  year={2013}
}

@inproceedings{krause2016unreasonable,
  title={The unreasonable effectiveness of noisy data for fine-grained recognition},
  author={Krause, Jonathan and Sapp, Benjamin and Howard, Andrew and Zhou, Howard and Toshev, Alexander and Duerig, Tom and Philbin, James and Fei-Fei, Li},
  booktitle={European Conference on Computer Vision},
  pages={301--320},
  year={2016},
  organization={Springer}
}

@inproceedings{khosla2011novel,
  title={Novel dataset for fine-grained image categorization: Stanford dogs},
  author={Khosla, Aditya and Jayadevaprakash, Nityananda and Yao, Bangpeng and Li, Fei-Fei},
  booktitle={Proc. CVPR Workshop on Fine-Grained Visual Categorization (FGVC)},
  volume={2},
  year={2011}
}

@article{kong2016low,
  title={Low-rank Bilinear Pooling for Fine-Grained Classification},
  author={Kong, Shu and Fowlkes, Charless},
  journal={arXiv preprint arXiv:1611.05109},
  year={2016}
}

@article{krizhevsky2009learning,
  title={Learning multiple layers of features from tiny images},
  author={Krizhevsky, Alex and Hinton, Geoffrey},
  year={2009},
  publisher={Citeseer}
}

@article{lecun1998gradient,
  title={Gradient-based learning applied to document recognition},
  author={LeCun, Yann and Bottou, L{\'e}on and Bengio, Yoshua and Haffner, Patrick},
  journal={Proceedings of the IEEE},
  volume={86},
  number={11},
  pages={2278--2324},
  year={1998},
  publisher={IEEE}
}

@inproceedings{liu2012dog,
  title={Dog breed classification using part localization},
  author={Liu, Jiongxin and Kanazawa, Angjoo and Jacobs, David and Belhumeur, Peter},
  booktitle={European Conference on Computer Vision},
  pages={172--185},
  year={2012},
  organization={Springer}
}

@article{liu2016fine,
  title={Fine-Grained Recognition with Automatic and Efficient Part Attention},
  author = {Liu, Xiao and Xia, Tian and Wang, Jiang and Yang, Yi and Zhou, Feng and Lin, Yuanqing},
  journal={arXiv preprint arXiv:1603.06765},
  year={2016}
}

@article{liu2016localizing,
  title={Localizing by Describing: Attribute-Guided Attention Localization for Fine-Grained Recognition},
  author={Liu, Xiao and Wang, Jiang and Wen, Shilei and Ding, Errui and Lin, Yuanqing},
  journal={arXiv preprint arXiv:1605.06217},
  year={2016}
}

@inproceedings{lin2015bilinear,
  title={Bilinear cnn models for fine-grained visual recognition},
  author={Lin, Tsung-Yu and RoyChowdhury, Aruni and Maji, Subhransu},
  booktitle={Proceedings of the IEEE International Conference on Computer Vision},
  pages={1449--1457},
  year={2015}
}

@inproceedings{mnih2014recurrent,
  title={Recurrent models of visual attention},
  author={Mnih, Volodymyr and Heess, Nicolas and Graves, Alex and others},
  booktitle={Advances in neural information processing systems},
  pages={2204--2212},
  year={2014}
}

@inproceedings{netzer2011reading,
  title={Reading digits in natural images with unsupervised feature learning},
  author={Netzer, Yuval and Wang, Tao and Coates, Adam and Bissacco, Alessandro and Wu, Bo and Ng, Andrew Y},
  booktitle={NIPS workshop on deep learning and unsupervised feature learning},
  volume={2011},
  number={2},
  pages={5},
  year={2011}
}

@inproceedings{nilsback2008automated,
  title={Automated flower classification over a large number of classes},
  author={Nilsback, Maria-Elena and Zisserman, Andrew},
  booktitle={Computer Vision, Graphics \& Image Processing, 2008. ICVGIP'08. Sixth Indian Conference on},
  pages={722--729},
  year={2008},
  organization={IEEE}
}

@article{odena2017changing,
  title={Changing Model Behavior at Test-Time Using Reinforcement Learning},
  author={Odena, Augustus and Lawson, Dieterich and Olah, Christopher},
  journal={arXiv preprint arXiv:1702.07780},
  year={2017}
}

@article{neumann2016learning,
  title={Learning to Reason with Adaptive Computation},
  author={Neumann, Mark and Stenetorp, Pontus and Riedel, Sebastian},
  journal={arXiv preprint arXiv:1610.07647},
  year={2016}
}

@inproceedings{newell2016stacked,
  title={Stacked hourglass networks for human pose estimation},
  author={Newell, Alejandro and Yang, Kaiyu and Deng, Jia},
  booktitle={European Conference on Computer Vision},
  pages={483--499},
  year={2016},
  organization={Springer}
}

@article{sermanet2014attention,
  title={Attention for fine-grained categorization},
  author={Sermanet, Pierre and Frome, Andrea and Real, Esteban},
  journal={arXiv preprint arXiv:1412.7054},
  year={2014}
}

@inproceedings{szegedy2015going,
  title={Going deeper with convolutions},
  author={Szegedy, Christian and Liu, Wei and Jia, Yangqing and Sermanet, Pierre and Reed, Scott and Anguelov, Dragomir and Erhan, Dumitru and Vanhoucke, Vincent and Rabinovich, Andrew},
  booktitle={Proceedings of the IEEE Conference on Computer Vision and Pattern Recognition},
  pages={1--9},
  year={2015}
}

@article{simonyan2014very,
  title={Very deep convolutional networks for large-scale image recognition},
  author={Simonyan, Karen and Zisserman, Andrew},
  journal={arXiv preprint arXiv:1409.1556},
  year={2014}
}

@inproceedings{simon2015neural,
  title={Neural activation constellations: Unsupervised part model discovery with convolutional networks},
  author={Simon, Marcel and Rodner, Erik},
  booktitle={Proceedings of the IEEE International Conference on Computer Vision},
  pages={1143--1151},
  year={2015}
}

@inproceedings{stollenga2014deep,
  title={Deep networks with internal selective attention through feedback connections},
  author={Stollenga, Marijn F and Masci, Jonathan and Gomez, Faustino and Schmidhuber, J{\"u}rgen},
  booktitle={Advances in Neural Information Processing Systems},
  pages={3545--3553},
  year={2014}
}

@inproceedings{sutton1999policy,
  title={Policy gradient methods for reinforcement learning with function approximation.},
  author={Sutton, Richard S and McAllester, David A and Singh, Satinder P and Mansour, Yishay and others},
  booktitle={NIPS},
  volume={99},
  pages={1057--1063},
  year={1999}
}

@book{sutton1998reinforcement,
  title={Reinforcement learning: An introduction},
  author={Sutton, Richard S and Barto, Andrew G},
  volume={1},
  number={1},
  year={1998},
  publisher={MIT press Cambridge}
}

@article{tsotsos1995modeling,
  title={Modeling visual attention via selective tuning},
  author={Tsotsos, John K and Culhane, Scan M and Wai, Winky Yan Kei and Lai, Yuzhong and Davis, Neal and Nuflo, Fernando},
  journal={Artificial intelligence},
  volume={78},
  number={1-2},
  pages={507--545},
  year={1995},
  publisher={Elsevier}
}

@article{wah2011caltech,
  title={The caltech-ucsd birds-200-2011 dataset},
  author={Wah, Catherine and Branson, Steve and Welinder, Peter and Perona, Pietro and Belongie, Serge},
  year={2011},
  publisher={California Institute of Technology}
}

@inproceedings{wang2014attentional,
  title={Attentional neural network: Feature selection using cognitive feedback},
  author={Wang, Qian and Zhang, Jiaxing and Song, Sen and Zhang, Zheng},
  booktitle={Advances in Neural Information Processing Systems},
  pages={2033--2041},
  year={2014}
}

@inproceedings{wang2016mining,
  title={Mining discriminative triplets of patches for fine-grained classification},
  author={Wang, Yaming and Choi, Jonghyun and Morariu, Vlad and Davis, Larry S},
  booktitle={Proceedings of the IEEE Conference on Computer Vision and Pattern Recognition},
  pages={1163--1172},
  year={2016}
}

@article{wei2016mask,
  title={Mask-cnn: Localizing parts and selecting descriptors for fine-grained image recognition},
  author={Wei, Xiu-Shen and Xie, Chen-Wei and Wu, Jianxin},
  journal={arXiv preprint arXiv:1605.06878},
  year={2016}
}

@article{williams1992simple,
  title={Simple statistical gradient-following algorithms for connectionist reinforcement learning},
  author={Williams, Ronald J},
  journal={Machine learning},
  volume={8},
  number={3-4},
  pages={229--256},
  year={1992},
  publisher={Springer}
}

@inproceedings{xu2015show,
  title={Show, Attend and Tell: Neural Image Caption Generation with Visual Attention.},
  author={Xu, Kelvin and Ba, Jimmy and Kiros, Ryan and Cho, Kyunghyun and Courville, Aaron C and Salakhutdinov, Ruslan and Zemel, Richard S and Bengio, Yoshua},
  booktitle={ICML},
  volume={14},
  pages={77--81},
  year={2015}
}

@inproceedings{xu2016ask,
  title={Ask, attend and answer: Exploring question-guided spatial attention for visual question answering},
  author={Xu, Huijuan and Saenko, Kate},
  booktitle={European Conference on Computer Vision},
  pages={451--466},
  year={2016},
  organization={Springer}
}

@inproceedings{yang2012unsupervised,
  title={Unsupervised template learning for fine-grained object recognition},
  author={Yang, Shulin and Bo, Liefeng and Wang, Jue and Shapiro, Linda G},
  booktitle={Advances in neural information processing systems},
  pages={3122--3130},
  year={2012}
}

@inproceedings{yang2016stacked,
  title={Stacked attention networks for image question answering},
  author={Yang, Zichao and He, Xiaodong and Gao, Jianfeng and Deng, Li and Smola, Alex},
  booktitle={Proceedings of the IEEE Conference on Computer Vision and Pattern Recognition},
  pages={21--29},
  year={2016}
}

@inproceedings{yeung2016end,
  title={End-to-end learning of action detection from frame glimpses in videos},
  author={Yeung, Serena and Russakovsky, Olga and Mori, Greg and Fei-Fei, Li},
  booktitle={Proceedings of the IEEE Conference on Computer Vision and Pattern Recognition},
  pages={2678--2687},
  year={2016}
}

@article{zamir2016feedback,
  title={Feedback Networks},
  author={Zamir, Amir R and Wu, Te-Lin and Sun, Lin and Shen, William and Malik, Jitendra and Savarese, Silvio},
  journal={arXiv preprint arXiv:1612.09508},
  year={2016}
}

@inproceedings{zhang2014part,
  title={Part-based R-CNNs for fine-grained category detection},
  author={Zhang, Ning and Donahue, Jeff and Girshick, Ross and Darrell, Trevor},
  booktitle={European conference on computer vision},
  pages={834--849},
  year={2014},
  organization={Springer}
}

@inproceedings{zhang2013deformable,
  title={Deformable part descriptors for fine-grained recognition and attribute prediction},
  author={Zhang, Ning and Farrell, Ryan and Iandola, Forrest and Darrell, Trevor},
  booktitle={Proceedings of the IEEE International Conference on Computer Vision},
  pages={729--736},
  year={2013}
}

@article{zhao2016diversified,
  title={Diversified Visual Attention Networks for Fine-Grained Object Classification},
  author={Zhao, Bo and Wu, Xiao and Feng, Jiashi and Peng, Qiang and Yan, Shuicheng},
  journal={arXiv preprint arXiv:1606.08572},
  year={2016}
}

@inproceedings{zhou2016fine,
  title={Fine-grained image classification by exploring bipartite-graph labels},
  author={Zhou, Feng and Lin, Yuanqing},
  booktitle={Proceedings of the IEEE Conference on Computer Vision and Pattern Recognition},
  pages={1124--1133},
  year={2016}
}

@inproceedings{zeiler2014visualizing,
  title={Visualizing and understanding convolutional networks},
  author={Zeiler, Matthew D and Fergus, Rob},
  booktitle={European conference on computer vision},
  pages={818--833},
  year={2014},
  organization={Springer}
}